@article{Breen_2020,
   title={Newton versus the machine: solving the chaotic three-body problem using deep neural networks},
   volume={494},
   ISSN={1365-2966},
   url={http://dx.doi.org/10.1093/mnras/staa713},
   DOI={10.1093/mnras/staa713},
   number={2},
   journal={Monthly Notices of the Royal Astronomical Society},
   publisher={Oxford University Press (OUP)},
   author={Breen, Philip G and Foley, Christopher N and Boekholt, Tjarda and Zwart, Simon Portegies},
   year={2020},
   month=apr, pages={2465–2470} }

@article{Liao_2022,
   title={Three-body problem — From Newton to supercomputer plus machine learning},
   volume={96},
   ISSN={1384-1076},
   url={http://dx.doi.org/10.1016/j.newast.2022.101850},
   DOI={10.1016/j.newast.2022.101850},
   journal={New Astronomy},
   publisher={Elsevier BV},
   author={Liao, Shijun and Li, Xiaoming and Yang, Yu},
   year={2022},
   month=oct, pages={101850} }

@misc{raissi2017physicsinformeddeeplearning,
      title={Physics Informed Deep Learning (Part I): Data-driven Solutions of Nonlinear Partial Differential Equations},
      author={Maziar Raissi and Paris Perdikaris and George Em Karniadakis},
      year={2017},
      eprint={1711.10561},
      archivePrefix={arXiv},
      primaryClass={cs.AI},
      url={https://arxiv.org/abs/1711.10561},
}

@misc{heggie2005classicalgravitationalnbodyproblem,
      title={The Classical Gravitational N-Body Problem},
      author={Douglas C. Heggie},
      year={2005},
      eprint={astro-ph/0503600},
      archivePrefix={arXiv},
      primaryClass={astro-ph},
      url={https://arxiv.org/abs/astro-ph/0503600},
}

@book{newton1683,
       author = {Newton, Isaac},
        title = "{Philosophiae Naturalis Principia Mathematica.}",
         year = {1687},
          doi = {10.3931/e-rara-440},
       adsurl = {https://ui.adsabs.harvard.edu/abs/1687pnpm.book.....N},
      adsnote = {Provided by the SAO/NASA Astrophysics Data System}
}

@book{euler1749,
  author    = {Leonhard Euler},
  title     = {Considerations sur le mouvement des corps célestes},
  year      = {1749},
  publisher = {Royal Prussian Academy of Sciences},
  address   = {Berlin},
  language  = {French},
  note      = {Presented to the Berlin Academy of Sciences}
}

@article{lagrange1772,
  author    = {Joseph-Louis Lagrange},
  title     = {Essai sur le problème des trois corps},
  journal   = {Miscellanea Taurinensia},
  volume    = {4},
  pages     = {175--331},
  year      = {1772},
  language  = {French},
  note      = {Published by the Turin Academy of Sciences}
}

@book{lagrange1788,
  author    = {Joseph-Louis Lagrange},
  title     = {M\'ecanique analytique},
  year      = {1788},
  publisher = {Desaint},
  address   = {Paris},
  language  = {French},
  note      = {Foundational work in analytical mechanics}
}

@book{poincare1892,
  author    = {Henri Poincar\'e},
  title     = {Les M\'ethodes Nouvelles de la M\'ecanique C\'eleste},
  year      = {1892--1899},
  publisher = {Gauthier-Villars},
  address   = {Paris},
  language  = {French},
  note      = {Published in three volumes}
}

@article{sundman1912,
  author    = {Karl F. Sundman},
  title     = {M\'emoire sur le probl\`eme des trois corps},
  journal   = {Acta Mathematica},
  volume    = {36},
  pages     = {105--179},
  year      = {1912},
  language  = {French},
  note      = {Sundman's proof of a convergent series solution for the three-body problem}
}

@article{chenciner2000,
  author    = {Alain Chenciner and Richard Montgomery},
  title     = {A remarkable periodic solution of the three-body problem in the case of equal masses},
  journal   = {Annals of Mathematics},
  volume    = {152},
  number    = {3},
  pages     = {881--901},
  year      = {2000},
  note      = {Discovery of the figure-eight orbit in the three-body problem}
}

@article{laskar1994,
  author    = {Jacques Laskar},
  title     = {Large-scale chaos and the stability of the solar system},
  journal   = {Nature},
  volume    = {361},
  pages     = {608--612},
  year      = {1994},
  doi       = {10.1038/361608a0},
  note      = {Study on the chaotic behavior of planetary systems and three-body interactions}
}

@misc{li2023physicsinformedneuraloperatorlearning,
      title={Physics-Informed Neural Operator for Learning Partial Differential Equations},
      author={Zongyi Li and Hongkai Zheng and Nikola Kovachki and David Jin and Haoxuan Chen and Burigede Liu and Kamyar Azizzadenesheli and Anima Anandkumar},
      year={2023},
      eprint={2111.03794},
      archivePrefix={arXiv},
      primaryClass={cs.LG},
      url={https://arxiv.org/abs/2111.03794},
}

@book{tuckerman2023statistical,
  title={Statistical mechanics: theory and molecular simulation},
  author={Tuckerman, Mark E},
  year={2023},
  publisher={Oxford university press}
}

